timestamp,order_id,fill_id,ticker,action,side,count,price
2025-11-09T10:53:04.436430,f83e4f09-f0f0-4800-9e0e-d5b92243b8b3,35fb4ccf-f6f5-5bd2-8d73-a60a4c06a8cb,KXBTCD-25NOV0911-T99999.99,sell,no,25,
2025-11-09T10:53:25.302766,f884cb97-dfcc-4198-9171-677ee18cccd3,db446148-de61-745e-9236-15cf0a1d555f,KXBTCD-25NOV0911-T99999.99,sell,no,25,
2025-11-09T10:53:52.037858,f884cb97-dfcc-4198-9171-677ee18cccd3,db446148-de61-745e-9236-15cf0a1d555f,KXBTCD-25NOV0911-T99999.99,sell,no,25,0.0
2025-11-09T10:53:52.037858,f83e4f09-f0f0-4800-9e0e-d5b92243b8b3,35fb4ccf-f6f5-5bd2-8d73-a60a4c06a8cb,KXBTCD-25NOV0911-T99999.99,sell,no,25,0.0
2025-11-09T10:53:59.582574,f884cb97-dfcc-4198-9171-677ee18cccd3,db446148-de61-745e-9236-15cf0a1d555f,KXBTCD-25NOV0911-T99999.99,sell,no,25,0.0
2025-11-09T10:53:59.582574,f83e4f09-f0f0-4800-9e0e-d5b92243b8b3,35fb4ccf-f6f5-5bd2-8d73-a60a4c06a8cb,KXBTCD-25NOV0911-T99999.99,sell,no,25,0.0
2025-11-09T10:54:11.596698,f884cb97-dfcc-4198-9171-677ee18cccd3,db446148-de61-745e-9236-15cf0a1d555f,KXBTCD-25NOV0911-T99999.99,sell,no,25,0.0
2025-11-09T10:54:11.596698,f83e4f09-f0f0-4800-9e0e-d5b92243b8b3,35fb4ccf-f6f5-5bd2-8d73-a60a4c06a8cb,KXBTCD-25NOV0911-T99999.99,sell,no,25,0.0
2025-11-09T10:57:31.754075,a967a53f-b211-4c4a-9e1b-ff089aea99ac,fb5a5567-76a0-5ab0-e024-beacd7f1eb9c,KXBTCD-25NOV0911-T103749.99,buy,yes,75,0.0
2025-11-09T10:57:40.963015,2cdc245c-8d0d-442e-abd0-95775a93b2d3,66ef14f1-35ac-506c-afa3-82f6b59bb4af,KXBTCD-25NOV0911-T103749.99,buy,yes,25,0.0
2025-11-09T10:57:40.963015,a967a53f-b211-4c4a-9e1b-ff089aea99ac,fb5a5567-76a0-5ab0-e024-beacd7f1eb9c,KXBTCD-25NOV0911-T103749.99,buy,yes,75,0.0
2025-11-09T10:57:48.651119,ba6657af-642c-472d-8175-8bee5f68ca28,cb9085b1-5645-721b-c6c1-5d0344ed18b0,KXBTCD-25NOV0911-T103749.99,buy,yes,19,0.0
2025-11-09T10:57:48.651119,ba6657af-642c-472d-8175-8bee5f68ca28,c5a321da-b175-6a33-fe96-5563f5e13424,KXBTCD-25NOV0911-T103749.99,buy,yes,6,0.0
2025-11-09T10:57:48.651119,2cdc245c-8d0d-442e-abd0-95775a93b2d3,66ef14f1-35ac-506c-afa3-82f6b59bb4af,KXBTCD-25NOV0911-T103749.99,buy,yes,25,0.0
2025-11-09T10:57:48.651119,a967a53f-b211-4c4a-9e1b-ff089aea99ac,fb5a5567-76a0-5ab0-e024-beacd7f1eb9c,KXBTCD-25NOV0911-T103749.99,buy,yes,75,0.0
2025-11-09T10:57:57.392221,ba6657af-642c-472d-8175-8bee5f68ca28,cb9085b1-5645-721b-c6c1-5d0344ed18b0,KXBTCD-25NOV0911-T103749.99,buy,yes,19,0.0
2025-11-09T10:57:57.392221,ba6657af-642c-472d-8175-8bee5f68ca28,c5a321da-b175-6a33-fe96-5563f5e13424,KXBTCD-25NOV0911-T103749.99,buy,yes,6,0.0
2025-11-09T10:57:57.392221,2cdc245c-8d0d-442e-abd0-95775a93b2d3,66ef14f1-35ac-506c-afa3-82f6b59bb4af,KXBTCD-25NOV0911-T103749.99,buy,yes,25,0.0
2025-11-09T10:57:57.392221,a967a53f-b211-4c4a-9e1b-ff089aea99ac,fb5a5567-76a0-5ab0-e024-beacd7f1eb9c,KXBTCD-25NOV0911-T103749.99,buy,yes,75,0.0
2025-11-09T10:58:06.467562,c3264fe1-8709-4939-b5c6-e5db1010a4f5,e10c25e7-4ac0-6f1d-4368-0ae97bb41b7b,KXBTCD-25NOV0911-T103749.99,buy,yes,10,0.0
2025-11-09T10:58:06.467562,c479f260-f751-422b-90a9-5b27e561cbea,60dc6c36-f0fc-7fe9-7d55-6722e021b266,KXBTCD-25NOV0911-T103749.99,buy,yes,3,0.0
2025-11-09T10:58:06.467562,c479f260-f751-422b-90a9-5b27e561cbea,c411bc13-4098-7821-c9d3-d5a4d313e032,KXBTCD-25NOV0911-T103749.99,buy,yes,22,0.0
2025-11-09T10:58:06.467562,ba6657af-642c-472d-8175-8bee5f68ca28,cb9085b1-5645-721b-c6c1-5d0344ed18b0,KXBTCD-25NOV0911-T103749.99,buy,yes,19,0.0
2025-11-09T10:58:06.467562,ba6657af-642c-472d-8175-8bee5f68ca28,c5a321da-b175-6a33-fe96-5563f5e13424,KXBTCD-25NOV0911-T103749.99,buy,yes,6,0.0
2025-11-09T10:58:06.467562,2cdc245c-8d0d-442e-abd0-95775a93b2d3,66ef14f1-35ac-506c-afa3-82f6b59bb4af,KXBTCD-25NOV0911-T103749.99,buy,yes,25,0.0
2025-11-09T10:58:06.467562,a967a53f-b211-4c4a-9e1b-ff089aea99ac,fb5a5567-76a0-5ab0-e024-beacd7f1eb9c,KXBTCD-25NOV0911-T103749.99,buy,yes,75,0.0
2025-11-09T10:58:14.513976,c3264fe1-8709-4939-b5c6-e5db1010a4f5,ce25c650-e288-7893-5111-d6b68688ef99,KXBTCD-25NOV0911-T103749.99,buy,yes,7,0.0
2025-11-09T10:58:14.513976,c3264fe1-8709-4939-b5c6-e5db1010a4f5,7c6bb7e6-f50c-4493-55f4-31e3de4dfc49,KXBTCD-25NOV0911-T103749.99,buy,yes,3,0.0
2025-11-09T10:58:14.513976,c3264fe1-8709-4939-b5c6-e5db1010a4f5,96a763dc-03b4-481f-beb0-efec68276db9,KXBTCD-25NOV0911-T103749.99,buy,yes,3,0.0
2025-11-09T10:58:14.513976,c3264fe1-8709-4939-b5c6-e5db1010a4f5,843c156c-0fa8-7c0f-56af-eea37d4bb7cd,KXBTCD-25NOV0911-T103749.99,buy,yes,2,0.0
2025-11-09T10:58:14.513976,c3264fe1-8709-4939-b5c6-e5db1010a4f5,e10c25e7-4ac0-6f1d-4368-0ae97bb41b7b,KXBTCD-25NOV0911-T103749.99,buy,yes,10,0.0
2025-11-09T10:58:14.513976,c479f260-f751-422b-90a9-5b27e561cbea,60dc6c36-f0fc-7fe9-7d55-6722e021b266,KXBTCD-25NOV0911-T103749.99,buy,yes,3,0.0
2025-11-09T10:58:14.513976,c479f260-f751-422b-90a9-5b27e561cbea,c411bc13-4098-7821-c9d3-d5a4d313e032,KXBTCD-25NOV0911-T103749.99,buy,yes,22,0.0
2025-11-09T10:58:14.513976,ba6657af-642c-472d-8175-8bee5f68ca28,cb9085b1-5645-721b-c6c1-5d0344ed18b0,KXBTCD-25NOV0911-T103749.99,buy,yes,19,0.0
2025-11-09T10:58:14.513976,ba6657af-642c-472d-8175-8bee5f68ca28,c5a321da-b175-6a33-fe96-5563f5e13424,KXBTCD-25NOV0911-T103749.99,buy,yes,6,0.0
2025-11-09T10:58:14.513976,2cdc245c-8d0d-442e-abd0-95775a93b2d3,66ef14f1-35ac-506c-afa3-82f6b59bb4af,KXBTCD-25NOV0911-T103749.99,buy,yes,25,0.0
2025-11-09T10:58:14.513976,a967a53f-b211-4c4a-9e1b-ff089aea99ac,fb5a5567-76a0-5ab0-e024-beacd7f1eb9c,KXBTCD-25NOV0911-T103749.99,buy,yes,75,0.0
2025-11-09T10:58:23.640659,c3264fe1-8709-4939-b5c6-e5db1010a4f5,ce25c650-e288-7893-5111-d6b68688ef99,KXBTCD-25NOV0911-T103749.99,buy,yes,7,0.0
2025-11-09T10:58:23.640659,c3264fe1-8709-4939-b5c6-e5db1010a4f5,7c6bb7e6-f50c-4493-55f4-31e3de4dfc49,KXBTCD-25NOV0911-T103749.99,buy,yes,3,0.0
2025-11-09T10:58:23.640659,c3264fe1-8709-4939-b5c6-e5db1010a4f5,96a763dc-03b4-481f-beb0-efec68276db9,KXBTCD-25NOV0911-T103749.99,buy,yes,3,0.0
2025-11-09T10:58:23.640659,c3264fe1-8709-4939-b5c6-e5db1010a4f5,843c156c-0fa8-7c0f-56af-eea37d4bb7cd,KXBTCD-25NOV0911-T103749.99,buy,yes,2,0.0
2025-11-09T10:58:23.640659,c3264fe1-8709-4939-b5c6-e5db1010a4f5,e10c25e7-4ac0-6f1d-4368-0ae97bb41b7b,KXBTCD-25NOV0911-T103749.99,buy,yes,10,0.0
2025-11-09T10:58:23.640659,c479f260-f751-422b-90a9-5b27e561cbea,60dc6c36-f0fc-7fe9-7d55-6722e021b266,KXBTCD-25NOV0911-T103749.99,buy,yes,3,0.0
2025-11-09T10:58:23.640659,c479f260-f751-422b-90a9-5b27e561cbea,c411bc13-4098-7821-c9d3-d5a4d313e032,KXBTCD-25NOV0911-T103749.99,buy,yes,22,0.0
2025-11-09T10:58:23.640659,ba6657af-642c-472d-8175-8bee5f68ca28,cb9085b1-5645-721b-c6c1-5d0344ed18b0,KXBTCD-25NOV0911-T103749.99,buy,yes,19,0.0
2025-11-09T10:58:23.640659,ba6657af-642c-472d-8175-8bee5f68ca28,c5a321da-b175-6a33-fe96-5563f5e13424,KXBTCD-25NOV0911-T103749.99,buy,yes,6,0.0
2025-11-09T10:58:23.640659,2cdc245c-8d0d-442e-abd0-95775a93b2d3,66ef14f1-35ac-506c-afa3-82f6b59bb4af,KXBTCD-25NOV0911-T103749.99,buy,yes,25,0.0
2025-11-09T10:58:23.640659,a967a53f-b211-4c4a-9e1b-ff089aea99ac,fb5a5567-76a0-5ab0-e024-beacd7f1eb9c,KXBTCD-25NOV0911-T103749.99,buy,yes,75,0.0
2025-11-09T10:58:32.671833,b64b99ff-a63c-4087-9e5e-037a54a5ee9b,7d04add6-1aa1-4889-7ab8-22a89e35bf07,KXBTCD-25NOV0911-T103749.99,sell,no,25,0.0
2025-11-09T10:58:32.671833,6a8a36df-ade5-4b9a-abba-303a40b3c269,8e6a0e09-078c-506c-d20a-e3143f3ccc95,KXBTCD-25NOV0911-T103749.99,sell,no,25,0.0
2025-11-09T10:58:32.671833,c3264fe1-8709-4939-b5c6-e5db1010a4f5,ce25c650-e288-7893-5111-d6b68688ef99,KXBTCD-25NOV0911-T103749.99,buy,yes,7,0.0
2025-11-09T10:58:32.671833,c3264fe1-8709-4939-b5c6-e5db1010a4f5,7c6bb7e6-f50c-4493-55f4-31e3de4dfc49,KXBTCD-25NOV0911-T103749.99,buy,yes,3,0.0
2025-11-09T10:58:32.671833,c3264fe1-8709-4939-b5c6-e5db1010a4f5,96a763dc-03b4-481f-beb0-efec68276db9,KXBTCD-25NOV0911-T103749.99,buy,yes,3,0.0
2025-11-09T10:58:32.671833,c3264fe1-8709-4939-b5c6-e5db1010a4f5,843c156c-0fa8-7c0f-56af-eea37d4bb7cd,KXBTCD-25NOV0911-T103749.99,buy,yes,2,0.0
2025-11-09T10:58:32.671833,c3264fe1-8709-4939-b5c6-e5db1010a4f5,e10c25e7-4ac0-6f1d-4368-0ae97bb41b7b,KXBTCD-25NOV0911-T103749.99,buy,yes,10,0.0
2025-11-09T10:58:32.671833,c479f260-f751-422b-90a9-5b27e561cbea,60dc6c36-f0fc-7fe9-7d55-6722e021b266,KXBTCD-25NOV0911-T103749.99,buy,yes,3,0.0
2025-11-09T10:58:32.671833,c479f260-f751-422b-90a9-5b27e561cbea,c411bc13-4098-7821-c9d3-d5a4d313e032,KXBTCD-25NOV0911-T103749.99,buy,yes,22,0.0
2025-11-09T10:58:32.671833,ba6657af-642c-472d-8175-8bee5f68ca28,cb9085b1-5645-721b-c6c1-5d0344ed18b0,KXBTCD-25NOV0911-T103749.99,buy,yes,19,0.0
2025-11-09T10:58:32.671833,ba6657af-642c-472d-8175-8bee5f68ca28,c5a321da-b175-6a33-fe96-5563f5e13424,KXBTCD-25NOV0911-T103749.99,buy,yes,6,0.0
2025-11-09T10:58:32.671833,2cdc245c-8d0d-442e-abd0-95775a93b2d3,66ef14f1-35ac-506c-afa3-82f6b59bb4af,KXBTCD-25NOV0911-T103749.99,buy,yes,25,0.0
2025-11-09T10:58:32.671833,a967a53f-b211-4c4a-9e1b-ff089aea99ac,fb5a5567-76a0-5ab0-e024-beacd7f1eb9c,KXBTCD-25NOV0911-T103749.99,buy,yes,75,0.0
2025-11-09T10:58:40.522896,9217809d-1169-4299-9f2b-90cf61cf8740,2b80a9dd-cf10-451c-c3d2-875891e53664,KXBTCD-25NOV0911-T103749.99,sell,no,25,0.0
2025-11-09T10:58:40.522896,b64b99ff-a63c-4087-9e5e-037a54a5ee9b,7d04add6-1aa1-4889-7ab8-22a89e35bf07,KXBTCD-25NOV0911-T103749.99,sell,no,25,0.0
2025-11-09T10:58:40.522896,6a8a36df-ade5-4b9a-abba-303a40b3c269,8e6a0e09-078c-506c-d20a-e3143f3ccc95,KXBTCD-25NOV0911-T103749.99,sell,no,25,0.0
2025-11-09T10:58:40.522896,c3264fe1-8709-4939-b5c6-e5db1010a4f5,ce25c650-e288-7893-5111-d6b68688ef99,KXBTCD-25NOV0911-T103749.99,buy,yes,7,0.0
2025-11-09T10:58:40.522896,c3264fe1-8709-4939-b5c6-e5db1010a4f5,7c6bb7e6-f50c-4493-55f4-31e3de4dfc49,KXBTCD-25NOV0911-T103749.99,buy,yes,3,0.0
2025-11-09T10:58:40.522896,c3264fe1-8709-4939-b5c6-e5db1010a4f5,96a763dc-03b4-481f-beb0-efec68276db9,KXBTCD-25NOV0911-T103749.99,buy,yes,3,0.0
2025-11-09T10:58:40.522896,c3264fe1-8709-4939-b5c6-e5db1010a4f5,843c156c-0fa8-7c0f-56af-eea37d4bb7cd,KXBTCD-25NOV0911-T103749.99,buy,yes,2,0.0
2025-11-09T10:58:40.522896,c3264fe1-8709-4939-b5c6-e5db1010a4f5,e10c25e7-4ac0-6f1d-4368-0ae97bb41b7b,KXBTCD-25NOV0911-T103749.99,buy,yes,10,0.0
2025-11-09T10:58:40.522896,c479f260-f751-422b-90a9-5b27e561cbea,60dc6c36-f0fc-7fe9-7d55-6722e021b266,KXBTCD-25NOV0911-T103749.99,buy,yes,3,0.0
2025-11-09T10:58:40.522896,c479f260-f751-422b-90a9-5b27e561cbea,c411bc13-4098-7821-c9d3-d5a4d313e032,KXBTCD-25NOV0911-T103749.99,buy,yes,22,0.0
2025-11-09T10:58:40.522896,ba6657af-642c-472d-8175-8bee5f68ca28,cb9085b1-5645-721b-c6c1-5d0344ed18b0,KXBTCD-25NOV0911-T103749.99,buy,yes,19,0.0
2025-11-09T10:58:40.522896,ba6657af-642c-472d-8175-8bee5f68ca28,c5a321da-b175-6a33-fe96-5563f5e13424,KXBTCD-25NOV0911-T103749.99,buy,yes,6,0.0
2025-11-09T10:58:40.522896,2cdc245c-8d0d-442e-abd0-95775a93b2d3,66ef14f1-35ac-506c-afa3-82f6b59bb4af,KXBTCD-25NOV0911-T103749.99,buy,yes,25,0.0
2025-11-09T10:58:40.522896,a967a53f-b211-4c4a-9e1b-ff089aea99ac,fb5a5567-76a0-5ab0-e024-beacd7f1eb9c,KXBTCD-25NOV0911-T103749.99,buy,yes,75,0.0
2025-11-09T10:58:49.468338,83dc70ec-750f-48b3-8119-1eac699e3930,3cb5ee5d-4fef-6001-9d1c-ee472ed5964d,KXBTCD-25NOV0911-T103749.99,sell,no,25,0.0
2025-11-09T10:58:49.468338,9217809d-1169-4299-9f2b-90cf61cf8740,2b80a9dd-cf10-451c-c3d2-875891e53664,KXBTCD-25NOV0911-T103749.99,sell,no,25,0.0
2025-11-09T10:58:49.468338,b64b99ff-a63c-4087-9e5e-037a54a5ee9b,7d04add6-1aa1-4889-7ab8-22a89e35bf07,KXBTCD-25NOV0911-T103749.99,sell,no,25,0.0
2025-11-09T10:58:49.468338,6a8a36df-ade5-4b9a-abba-303a40b3c269,8e6a0e09-078c-506c-d20a-e3143f3ccc95,KXBTCD-25NOV0911-T103749.99,sell,no,25,0.0
2025-11-09T10:58:49.468338,c3264fe1-8709-4939-b5c6-e5db1010a4f5,ce25c650-e288-7893-5111-d6b68688ef99,KXBTCD-25NOV0911-T103749.99,buy,yes,7,0.0
2025-11-09T10:58:49.468338,c3264fe1-8709-4939-b5c6-e5db1010a4f5,7c6bb7e6-f50c-4493-55f4-31e3de4dfc49,KXBTCD-25NOV0911-T103749.99,buy,yes,3,0.0
2025-11-09T10:58:49.468338,c3264fe1-8709-4939-b5c6-e5db1010a4f5,96a763dc-03b4-481f-beb0-efec68276db9,KXBTCD-25NOV0911-T103749.99,buy,yes,3,0.0
2025-11-09T10:58:49.468338,c3264fe1-8709-4939-b5c6-e5db1010a4f5,843c156c-0fa8-7c0f-56af-eea37d4bb7cd,KXBTCD-25NOV0911-T103749.99,buy,yes,2,0.0
2025-11-09T10:58:49.468338,c3264fe1-8709-4939-b5c6-e5db1010a4f5,e10c25e7-4ac0-6f1d-4368-0ae97bb41b7b,KXBTCD-25NOV0911-T103749.99,buy,yes,10,0.0
2025-11-09T10:58:49.468338,c479f260-f751-422b-90a9-5b27e561cbea,60dc6c36-f0fc-7fe9-7d55-6722e021b266,KXBTCD-25NOV0911-T103749.99,buy,yes,3,0.0
2025-11-09T10:58:49.468338,c479f260-f751-422b-90a9-5b27e561cbea,c411bc13-4098-7821-c9d3-d5a4d313e032,KXBTCD-25NOV0911-T103749.99,buy,yes,22,0.0
2025-11-09T10:58:49.468338,ba6657af-642c-472d-8175-8bee5f68ca28,cb9085b1-5645-721b-c6c1-5d0344ed18b0,KXBTCD-25NOV0911-T103749.99,buy,yes,19,0.0
2025-11-09T10:58:49.468338,ba6657af-642c-472d-8175-8bee5f68ca28,c5a321da-b175-6a33-fe96-5563f5e13424,KXBTCD-25NOV0911-T103749.99,buy,yes,6,0.0
2025-11-09T10:58:49.468338,2cdc245c-8d0d-442e-abd0-95775a93b2d3,66ef14f1-35ac-506c-afa3-82f6b59bb4af,KXBTCD-25NOV0911-T103749.99,buy,yes,25,0.0
2025-11-09T10:58:49.468338,a967a53f-b211-4c4a-9e1b-ff089aea99ac,fb5a5567-76a0-5ab0-e024-beacd7f1eb9c,KXBTCD-25NOV0911-T103749.99,buy,yes,75,0.0
2025-11-09T10:58:58.072038,c6fb6bc8-d45d-482a-be73-65b73632c683,31e96adf-5626-6368-580c-04a7462e9de7,KXBTCD-25NOV0911-T103749.99,sell,no,25,0.0
2025-11-09T10:58:58.072038,83dc70ec-750f-48b3-8119-1eac699e3930,3cb5ee5d-4fef-6001-9d1c-ee472ed5964d,KXBTCD-25NOV0911-T103749.99,sell,no,25,0.0
2025-11-09T10:58:58.072038,9217809d-1169-4299-9f2b-90cf61cf8740,2b80a9dd-cf10-451c-c3d2-875891e53664,KXBTCD-25NOV0911-T103749.99,sell,no,25,0.0
2025-11-09T10:58:58.072038,b64b99ff-a63c-4087-9e5e-037a54a5ee9b,7d04add6-1aa1-4889-7ab8-22a89e35bf07,KXBTCD-25NOV0911-T103749.99,sell,no,25,0.0
2025-11-09T10:58:58.072038,6a8a36df-ade5-4b9a-abba-303a40b3c269,8e6a0e09-078c-506c-d20a-e3143f3ccc95,KXBTCD-25NOV0911-T103749.99,sell,no,25,0.0
2025-11-09T10:58:58.072038,c3264fe1-8709-4939-b5c6-e5db1010a4f5,ce25c650-e288-7893-5111-d6b68688ef99,KXBTCD-25NOV0911-T103749.99,buy,yes,7,0.0
2025-11-09T10:58:58.072038,c3264fe1-8709-4939-b5c6-e5db1010a4f5,7c6bb7e6-f50c-4493-55f4-31e3de4dfc49,KXBTCD-25NOV0911-T103749.99,buy,yes,3,0.0
2025-11-09T10:58:58.072038,c3264fe1-8709-4939-b5c6-e5db1010a4f5,96a763dc-03b4-481f-beb0-efec68276db9,KXBTCD-25NOV0911-T103749.99,buy,yes,3,0.0
2025-11-09T10:58:58.072038,c3264fe1-8709-4939-b5c6-e5db1010a4f5,843c156c-0fa8-7c0f-56af-eea37d4bb7cd,KXBTCD-25NOV0911-T103749.99,buy,yes,2,0.0
2025-11-09T10:58:58.072038,c3264fe1-8709-4939-b5c6-e5db1010a4f5,e10c25e7-4ac0-6f1d-4368-0ae97bb41b7b,KXBTCD-25NOV0911-T103749.99,buy,yes,10,0.0
2025-11-09T10:58:58.072038,c479f260-f751-422b-90a9-5b27e561cbea,60dc6c36-f0fc-7fe9-7d55-6722e021b266,KXBTCD-25NOV0911-T103749.99,buy,yes,3,0.0
2025-11-09T10:58:58.072038,c479f260-f751-422b-90a9-5b27e561cbea,c411bc13-4098-7821-c9d3-d5a4d313e032,KXBTCD-25NOV0911-T103749.99,buy,yes,22,0.0
2025-11-09T10:58:58.072038,ba6657af-642c-472d-8175-8bee5f68ca28,cb9085b1-5645-721b-c6c1-5d0344ed18b0,KXBTCD-25NOV0911-T103749.99,buy,yes,19,0.0
2025-11-09T10:58:58.072038,ba6657af-642c-472d-8175-8bee5f68ca28,c5a321da-b175-6a33-fe96-5563f5e13424,KXBTCD-25NOV0911-T103749.99,buy,yes,6,0.0
2025-11-09T10:58:58.072038,2cdc245c-8d0d-442e-abd0-95775a93b2d3,66ef14f1-35ac-506c-afa3-82f6b59bb4af,KXBTCD-25NOV0911-T103749.99,buy,yes,25,0.0
2025-11-09T10:58:58.072038,a967a53f-b211-4c4a-9e1b-ff089aea99ac,fb5a5567-76a0-5ab0-e024-beacd7f1eb9c,KXBTCD-25NOV0911-T103749.99,buy,yes,75,0.0
2025-11-09T10:59:06.423203,62ed6667-510c-47a1-a2c3-03542f87a0a8,b85600ba-a3e5-45a7-ac40-40fe38635cb8,KXBTCD-25NOV0911-T103749.99,sell,no,25,0.0
2025-11-09T10:59:06.423203,c6fb6bc8-d45d-482a-be73-65b73632c683,31e96adf-5626-6368-580c-04a7462e9de7,KXBTCD-25NOV0911-T103749.99,sell,no,25,0.0
2025-11-09T10:59:06.423203,83dc70ec-750f-48b3-8119-1eac699e3930,3cb5ee5d-4fef-6001-9d1c-ee472ed5964d,KXBTCD-25NOV0911-T103749.99,sell,no,25,0.0
2025-11-09T10:59:06.423203,9217809d-1169-4299-9f2b-90cf61cf8740,2b80a9dd-cf10-451c-c3d2-875891e53664,KXBTCD-25NOV0911-T103749.99,sell,no,25,0.0
2025-11-09T10:59:06.423203,b64b99ff-a63c-4087-9e5e-037a54a5ee9b,7d04add6-1aa1-4889-7ab8-22a89e35bf07,KXBTCD-25NOV0911-T103749.99,sell,no,25,0.0
2025-11-09T10:59:06.423203,6a8a36df-ade5-4b9a-abba-303a40b3c269,8e6a0e09-078c-506c-d20a-e3143f3ccc95,KXBTCD-25NOV0911-T103749.99,sell,no,25,0.0
2025-11-09T10:59:06.423203,c3264fe1-8709-4939-b5c6-e5db1010a4f5,ce25c650-e288-7893-5111-d6b68688ef99,KXBTCD-25NOV0911-T103749.99,buy,yes,7,0.0
2025-11-09T10:59:06.423203,c3264fe1-8709-4939-b5c6-e5db1010a4f5,7c6bb7e6-f50c-4493-55f4-31e3de4dfc49,KXBTCD-25NOV0911-T103749.99,buy,yes,3,0.0
2025-11-09T10:59:06.423203,c3264fe1-8709-4939-b5c6-e5db1010a4f5,96a763dc-03b4-481f-beb0-efec68276db9,KXBTCD-25NOV0911-T103749.99,buy,yes,3,0.0
2025-11-09T10:59:06.423203,c3264fe1-8709-4939-b5c6-e5db1010a4f5,843c156c-0fa8-7c0f-56af-eea37d4bb7cd,KXBTCD-25NOV0911-T103749.99,buy,yes,2,0.0
2025-11-09T10:59:06.423203,c3264fe1-8709-4939-b5c6-e5db1010a4f5,e10c25e7-4ac0-6f1d-4368-0ae97bb41b7b,KXBTCD-25NOV0911-T103749.99,buy,yes,10,0.0
2025-11-09T10:59:06.423203,c479f260-f751-422b-90a9-5b27e561cbea,60dc6c36-f0fc-7fe9-7d55-6722e021b266,KXBTCD-25NOV0911-T103749.99,buy,yes,3,0.0
2025-11-09T10:59:06.423203,c479f260-f751-422b-90a9-5b27e561cbea,c411bc13-4098-7821-c9d3-d5a4d313e032,KXBTCD-25NOV0911-T103749.99,buy,yes,22,0.0
2025-11-09T10:59:06.423203,ba6657af-642c-472d-8175-8bee5f68ca28,cb9085b1-5645-721b-c6c1-5d0344ed18b0,KXBTCD-25NOV0911-T103749.99,buy,yes,19,0.0
2025-11-09T10:59:06.423203,ba6657af-642c-472d-8175-8bee5f68ca28,c5a321da-b175-6a33-fe96-5563f5e13424,KXBTCD-25NOV0911-T103749.99,buy,yes,6,0.0
2025-11-09T10:59:06.423203,2cdc245c-8d0d-442e-abd0-95775a93b2d3,66ef14f1-35ac-506c-afa3-82f6b59bb4af,KXBTCD-25NOV0911-T103749.99,buy,yes,25,0.0
2025-11-09T10:59:06.423203,a967a53f-b211-4c4a-9e1b-ff089aea99ac,fb5a5567-76a0-5ab0-e024-beacd7f1eb9c,KXBTCD-25NOV0911-T103749.99,buy,yes,75,0.0
2025-11-09T10:59:15.145928,16b2dbcf-1921-4c44-a8b7-bdcfcc51d86e,921decaa-a27a-7a67-2c15-344f43b138ec,KXBTCD-25NOV0911-T103749.99,sell,no,25,0.0
2025-11-09T10:59:15.145928,62ed6667-510c-47a1-a2c3-03542f87a0a8,b85600ba-a3e5-45a7-ac40-40fe38635cb8,KXBTCD-25NOV0911-T103749.99,sell,no,25,0.0
2025-11-09T10:59:15.145928,c6fb6bc8-d45d-482a-be73-65b73632c683,31e96adf-5626-6368-580c-04a7462e9de7,KXBTCD-25NOV0911-T103749.99,sell,no,25,0.0
2025-11-09T10:59:15.145928,83dc70ec-750f-48b3-8119-1eac699e3930,3cb5ee5d-4fef-6001-9d1c-ee472ed5964d,KXBTCD-25NOV0911-T103749.99,sell,no,25,0.0
2025-11-09T10:59:15.145928,9217809d-1169-4299-9f2b-90cf61cf8740,2b80a9dd-cf10-451c-c3d2-875891e53664,KXBTCD-25NOV0911-T103749.99,sell,no,25,0.0
2025-11-09T10:59:15.145928,b64b99ff-a63c-4087-9e5e-037a54a5ee9b,7d04add6-1aa1-4889-7ab8-22a89e35bf07,KXBTCD-25NOV0911-T103749.99,sell,no,25,0.0
2025-11-09T10:59:15.145928,6a8a36df-ade5-4b9a-abba-303a40b3c269,8e6a0e09-078c-506c-d20a-e3143f3ccc95,KXBTCD-25NOV0911-T103749.99,sell,no,25,0.0
2025-11-09T10:59:15.145928,c3264fe1-8709-4939-b5c6-e5db1010a4f5,ce25c650-e288-7893-5111-d6b68688ef99,KXBTCD-25NOV0911-T103749.99,buy,yes,7,0.0
2025-11-09T10:59:15.145928,c3264fe1-8709-4939-b5c6-e5db1010a4f5,7c6bb7e6-f50c-4493-55f4-31e3de4dfc49,KXBTCD-25NOV0911-T103749.99,buy,yes,3,0.0
2025-11-09T10:59:15.145928,c3264fe1-8709-4939-b5c6-e5db1010a4f5,96a763dc-03b4-481f-beb0-efec68276db9,KXBTCD-25NOV0911-T103749.99,buy,yes,3,0.0
2025-11-09T10:59:15.145928,c3264fe1-8709-4939-b5c6-e5db1010a4f5,843c156c-0fa8-7c0f-56af-eea37d4bb7cd,KXBTCD-25NOV0911-T103749.99,buy,yes,2,0.0
2025-11-09T10:59:15.145928,c3264fe1-8709-4939-b5c6-e5db1010a4f5,e10c25e7-4ac0-6f1d-4368-0ae97bb41b7b,KXBTCD-25NOV0911-T103749.99,buy,yes,10,0.0
2025-11-09T10:59:15.145928,c479f260-f751-422b-90a9-5b27e561cbea,60dc6c36-f0fc-7fe9-7d55-6722e021b266,KXBTCD-25NOV0911-T103749.99,buy,yes,3,0.0
2025-11-09T10:59:15.145928,c479f260-f751-422b-90a9-5b27e561cbea,c411bc13-4098-7821-c9d3-d5a4d313e032,KXBTCD-25NOV0911-T103749.99,buy,yes,22,0.0
2025-11-09T10:59:15.145928,ba6657af-642c-472d-8175-8bee5f68ca28,cb9085b1-5645-721b-c6c1-5d0344ed18b0,KXBTCD-25NOV0911-T103749.99,buy,yes,19,0.0
2025-11-09T10:59:15.145928,ba6657af-642c-472d-8175-8bee5f68ca28,c5a321da-b175-6a33-fe96-5563f5e13424,KXBTCD-25NOV0911-T103749.99,buy,yes,6,0.0
2025-11-09T10:59:15.145928,2cdc245c-8d0d-442e-abd0-95775a93b2d3,66ef14f1-35ac-506c-afa3-82f6b59bb4af,KXBTCD-25NOV0911-T103749.99,buy,yes,25,0.0
2025-11-09T10:59:15.145928,a967a53f-b211-4c4a-9e1b-ff089aea99ac,fb5a5567-76a0-5ab0-e024-beacd7f1eb9c,KXBTCD-25NOV0911-T103749.99,buy,yes,75,0.0
2025-11-09T10:59:23.413901,9f7b508b-4edd-4296-9f01-a10c97944da4,c4930690-9ef0-60e0-014b-1ad437ddfa78,KXBTCD-25NOV0911-T103749.99,buy,yes,25,0.0
2025-11-09T10:59:23.413901,b3611e17-621e-4bad-b150-7c3887872b8d,298a4a4b-363f-62eb-c7f2-ba2387e42b01,KXBTCD-25NOV0911-T103749.99,buy,yes,25,0.0
2025-11-09T10:59:23.413901,16b2dbcf-1921-4c44-a8b7-bdcfcc51d86e,921decaa-a27a-7a67-2c15-344f43b138ec,KXBTCD-25NOV0911-T103749.99,sell,no,25,0.0
2025-11-09T10:59:23.413901,62ed6667-510c-47a1-a2c3-03542f87a0a8,b85600ba-a3e5-45a7-ac40-40fe38635cb8,KXBTCD-25NOV0911-T103749.99,sell,no,25,0.0
2025-11-09T10:59:23.413901,c6fb6bc8-d45d-482a-be73-65b73632c683,31e96adf-5626-6368-580c-04a7462e9de7,KXBTCD-25NOV0911-T103749.99,sell,no,25,0.0
2025-11-09T10:59:23.413901,83dc70ec-750f-48b3-8119-1eac699e3930,3cb5ee5d-4fef-6001-9d1c-ee472ed5964d,KXBTCD-25NOV0911-T103749.99,sell,no,25,0.0
2025-11-09T10:59:23.413901,9217809d-1169-4299-9f2b-90cf61cf8740,2b80a9dd-cf10-451c-c3d2-875891e53664,KXBTCD-25NOV0911-T103749.99,sell,no,25,0.0
2025-11-09T10:59:23.413901,b64b99ff-a63c-4087-9e5e-037a54a5ee9b,7d04add6-1aa1-4889-7ab8-22a89e35bf07,KXBTCD-25NOV0911-T103749.99,sell,no,25,0.0
2025-11-09T10:59:23.413901,6a8a36df-ade5-4b9a-abba-303a40b3c269,8e6a0e09-078c-506c-d20a-e3143f3ccc95,KXBTCD-25NOV0911-T103749.99,sell,no,25,0.0
2025-11-09T10:59:23.413901,c3264fe1-8709-4939-b5c6-e5db1010a4f5,ce25c650-e288-7893-5111-d6b68688ef99,KXBTCD-25NOV0911-T103749.99,buy,yes,7,0.0
2025-11-09T10:59:23.413901,c3264fe1-8709-4939-b5c6-e5db1010a4f5,7c6bb7e6-f50c-4493-55f4-31e3de4dfc49,KXBTCD-25NOV0911-T103749.99,buy,yes,3,0.0
2025-11-09T10:59:23.413901,c3264fe1-8709-4939-b5c6-e5db1010a4f5,96a763dc-03b4-481f-beb0-efec68276db9,KXBTCD-25NOV0911-T103749.99,buy,yes,3,0.0
2025-11-09T10:59:23.413901,c3264fe1-8709-4939-b5c6-e5db1010a4f5,843c156c-0fa8-7c0f-56af-eea37d4bb7cd,KXBTCD-25NOV0911-T103749.99,buy,yes,2,0.0
2025-11-09T10:59:23.413901,c3264fe1-8709-4939-b5c6-e5db1010a4f5,e10c25e7-4ac0-6f1d-4368-0ae97bb41b7b,KXBTCD-25NOV0911-T103749.99,buy,yes,10,0.0
2025-11-09T10:59:23.413901,c479f260-f751-422b-90a9-5b27e561cbea,60dc6c36-f0fc-7fe9-7d55-6722e021b266,KXBTCD-25NOV0911-T103749.99,buy,yes,3,0.0
2025-11-09T10:59:23.413901,c479f260-f751-422b-90a9-5b27e561cbea,c411bc13-4098-7821-c9d3-d5a4d313e032,KXBTCD-25NOV0911-T103749.99,buy,yes,22,0.0
2025-11-09T10:59:23.413901,ba6657af-642c-472d-8175-8bee5f68ca28,cb9085b1-5645-721b-c6c1-5d0344ed18b0,KXBTCD-25NOV0911-T103749.99,buy,yes,19,0.0
2025-11-09T10:59:23.413901,ba6657af-642c-472d-8175-8bee5f68ca28,c5a321da-b175-6a33-fe96-5563f5e13424,KXBTCD-25NOV0911-T103749.99,buy,yes,6,0.0
2025-11-09T10:59:23.413901,2cdc245c-8d0d-442e-abd0-95775a93b2d3,66ef14f1-35ac-506c-afa3-82f6b59bb4af,KXBTCD-25NOV0911-T103749.99,buy,yes,25,0.0
2025-11-09T10:59:23.413901,a967a53f-b211-4c4a-9e1b-ff089aea99ac,fb5a5567-76a0-5ab0-e024-beacd7f1eb9c,KXBTCD-25NOV0911-T103749.99,buy,yes,75,0.0
2025-11-09T10:59:31.145439,9f7b508b-4edd-4296-9f01-a10c97944da4,c4930690-9ef0-60e0-014b-1ad437ddfa78,KXBTCD-25NOV0911-T103749.99,buy,yes,25,0.0
2025-11-09T10:59:31.145439,b3611e17-621e-4bad-b150-7c3887872b8d,298a4a4b-363f-62eb-c7f2-ba2387e42b01,KXBTCD-25NOV0911-T103749.99,buy,yes,25,0.0
2025-11-09T10:59:31.145439,16b2dbcf-1921-4c44-a8b7-bdcfcc51d86e,921decaa-a27a-7a67-2c15-344f43b138ec,KXBTCD-25NOV0911-T103749.99,sell,no,25,0.0
2025-11-09T10:59:31.145439,62ed6667-510c-47a1-a2c3-03542f87a0a8,b85600ba-a3e5-45a7-ac40-40fe38635cb8,KXBTCD-25NOV0911-T103749.99,sell,no,25,0.0
2025-11-09T10:59:31.145439,c6fb6bc8-d45d-482a-be73-65b73632c683,31e96adf-5626-6368-580c-04a7462e9de7,KXBTCD-25NOV0911-T103749.99,sell,no,25,0.0
2025-11-09T10:59:31.145439,83dc70ec-750f-48b3-8119-1eac699e3930,3cb5ee5d-4fef-6001-9d1c-ee472ed5964d,KXBTCD-25NOV0911-T103749.99,sell,no,25,0.0
2025-11-09T10:59:31.145439,9217809d-1169-4299-9f2b-90cf61cf8740,2b80a9dd-cf10-451c-c3d2-875891e53664,KXBTCD-25NOV0911-T103749.99,sell,no,25,0.0
2025-11-09T10:59:31.145439,b64b99ff-a63c-4087-9e5e-037a54a5ee9b,7d04add6-1aa1-4889-7ab8-22a89e35bf07,KXBTCD-25NOV0911-T103749.99,sell,no,25,0.0
2025-11-09T10:59:31.145439,6a8a36df-ade5-4b9a-abba-303a40b3c269,8e6a0e09-078c-506c-d20a-e3143f3ccc95,KXBTCD-25NOV0911-T103749.99,sell,no,25,0.0
2025-11-09T10:59:31.145439,c3264fe1-8709-4939-b5c6-e5db1010a4f5,ce25c650-e288-7893-5111-d6b68688ef99,KXBTCD-25NOV0911-T103749.99,buy,yes,7,0.0
2025-11-09T10:59:31.145439,c3264fe1-8709-4939-b5c6-e5db1010a4f5,7c6bb7e6-f50c-4493-55f4-31e3de4dfc49,KXBTCD-25NOV0911-T103749.99,buy,yes,3,0.0
2025-11-09T10:59:31.145439,c3264fe1-8709-4939-b5c6-e5db1010a4f5,96a763dc-03b4-481f-beb0-efec68276db9,KXBTCD-25NOV0911-T103749.99,buy,yes,3,0.0
2025-11-09T10:59:31.145439,c3264fe1-8709-4939-b5c6-e5db1010a4f5,843c156c-0fa8-7c0f-56af-eea37d4bb7cd,KXBTCD-25NOV0911-T103749.99,buy,yes,2,0.0
2025-11-09T10:59:31.145439,c3264fe1-8709-4939-b5c6-e5db1010a4f5,e10c25e7-4ac0-6f1d-4368-0ae97bb41b7b,KXBTCD-25NOV0911-T103749.99,buy,yes,10,0.0
2025-11-09T10:59:31.145439,c479f260-f751-422b-90a9-5b27e561cbea,60dc6c36-f0fc-7fe9-7d55-6722e021b266,KXBTCD-25NOV0911-T103749.99,buy,yes,3,0.0
2025-11-09T10:59:31.145439,c479f260-f751-422b-90a9-5b27e561cbea,c411bc13-4098-7821-c9d3-d5a4d313e032,KXBTCD-25NOV0911-T103749.99,buy,yes,22,0.0
2025-11-09T10:59:31.145439,ba6657af-642c-472d-8175-8bee5f68ca28,cb9085b1-5645-721b-c6c1-5d0344ed18b0,KXBTCD-25NOV0911-T103749.99,buy,yes,19,0.0
2025-11-09T10:59:31.145439,ba6657af-642c-472d-8175-8bee5f68ca28,c5a321da-b175-6a33-fe96-5563f5e13424,KXBTCD-25NOV0911-T103749.99,buy,yes,6,0.0
2025-11-09T10:59:31.145439,2cdc245c-8d0d-442e-abd0-95775a93b2d3,66ef14f1-35ac-506c-afa3-82f6b59bb4af,KXBTCD-25NOV0911-T103749.99,buy,yes,25,0.0
2025-11-09T10:59:31.145439,a967a53f-b211-4c4a-9e1b-ff089aea99ac,fb5a5567-76a0-5ab0-e024-beacd7f1eb9c,KXBTCD-25NOV0911-T103749.99,buy,yes,75,0.0
2025-11-09T10:59:43.486566,69134840-9bf4-4440-8db0-8c25149b9246,cf58f802-9239-6e16-f2a1-32849c4aff0e,KXBTCD-25NOV0911-T103749.99,sell,no,25,0.0
2025-11-09T10:59:43.486566,9f7b508b-4edd-4296-9f01-a10c97944da4,c4930690-9ef0-60e0-014b-1ad437ddfa78,KXBTCD-25NOV0911-T103749.99,buy,yes,25,0.0
2025-11-09T10:59:43.486566,b3611e17-621e-4bad-b150-7c3887872b8d,298a4a4b-363f-62eb-c7f2-ba2387e42b01,KXBTCD-25NOV0911-T103749.99,buy,yes,25,0.0
2025-11-09T10:59:43.486566,16b2dbcf-1921-4c44-a8b7-bdcfcc51d86e,921decaa-a27a-7a67-2c15-344f43b138ec,KXBTCD-25NOV0911-T103749.99,sell,no,25,0.0
2025-11-09T10:59:43.486566,62ed6667-510c-47a1-a2c3-03542f87a0a8,b85600ba-a3e5-45a7-ac40-40fe38635cb8,KXBTCD-25NOV0911-T103749.99,sell,no,25,0.0
2025-11-09T10:59:43.486566,c6fb6bc8-d45d-482a-be73-65b73632c683,31e96adf-5626-6368-580c-04a7462e9de7,KXBTCD-25NOV0911-T103749.99,sell,no,25,0.0
2025-11-09T10:59:43.486566,83dc70ec-750f-48b3-8119-1eac699e3930,3cb5ee5d-4fef-6001-9d1c-ee472ed5964d,KXBTCD-25NOV0911-T103749.99,sell,no,25,0.0
2025-11-09T10:59:43.486566,9217809d-1169-4299-9f2b-90cf61cf8740,2b80a9dd-cf10-451c-c3d2-875891e53664,KXBTCD-25NOV0911-T103749.99,sell,no,25,0.0
2025-11-09T10:59:43.486566,b64b99ff-a63c-4087-9e5e-037a54a5ee9b,7d04add6-1aa1-4889-7ab8-22a89e35bf07,KXBTCD-25NOV0911-T103749.99,sell,no,25,0.0
2025-11-09T10:59:43.486566,6a8a36df-ade5-4b9a-abba-303a40b3c269,8e6a0e09-078c-506c-d20a-e3143f3ccc95,KXBTCD-25NOV0911-T103749.99,sell,no,25,0.0
2025-11-09T10:59:43.486566,c3264fe1-8709-4939-b5c6-e5db1010a4f5,ce25c650-e288-7893-5111-d6b68688ef99,KXBTCD-25NOV0911-T103749.99,buy,yes,7,0.0
2025-11-09T10:59:43.486566,c3264fe1-8709-4939-b5c6-e5db1010a4f5,7c6bb7e6-f50c-4493-55f4-31e3de4dfc49,KXBTCD-25NOV0911-T103749.99,buy,yes,3,0.0
2025-11-09T10:59:43.486566,c3264fe1-8709-4939-b5c6-e5db1010a4f5,96a763dc-03b4-481f-beb0-efec68276db9,KXBTCD-25NOV0911-T103749.99,buy,yes,3,0.0
2025-11-09T10:59:43.486566,c3264fe1-8709-4939-b5c6-e5db1010a4f5,843c156c-0fa8-7c0f-56af-eea37d4bb7cd,KXBTCD-25NOV0911-T103749.99,buy,yes,2,0.0
2025-11-09T10:59:43.486566,c3264fe1-8709-4939-b5c6-e5db1010a4f5,e10c25e7-4ac0-6f1d-4368-0ae97bb41b7b,KXBTCD-25NOV0911-T103749.99,buy,yes,10,0.0
2025-11-09T10:59:43.486566,c479f260-f751-422b-90a9-5b27e561cbea,60dc6c36-f0fc-7fe9-7d55-6722e021b266,KXBTCD-25NOV0911-T103749.99,buy,yes,3,0.0
2025-11-09T10:59:43.486566,c479f260-f751-422b-90a9-5b27e561cbea,c411bc13-4098-7821-c9d3-d5a4d313e032,KXBTCD-25NOV0911-T103749.99,buy,yes,22,0.0
2025-11-09T10:59:43.486566,ba6657af-642c-472d-8175-8bee5f68ca28,cb9085b1-5645-721b-c6c1-5d0344ed18b0,KXBTCD-25NOV0911-T103749.99,buy,yes,19,0.0
2025-11-09T10:59:43.486566,ba6657af-642c-472d-8175-8bee5f68ca28,c5a321da-b175-6a33-fe96-5563f5e13424,KXBTCD-25NOV0911-T103749.99,buy,yes,6,0.0
2025-11-09T10:59:43.486566,2cdc245c-8d0d-442e-abd0-95775a93b2d3,66ef14f1-35ac-506c-afa3-82f6b59bb4af,KXBTCD-25NOV0911-T103749.99,buy,yes,25,0.0
2025-11-09T10:59:43.486566,a967a53f-b211-4c4a-9e1b-ff089aea99ac,fb5a5567-76a0-5ab0-e024-beacd7f1eb9c,KXBTCD-25NOV0911-T103749.99,buy,yes,75,0.0
2025-11-09T10:59:51.782254,ab5dc4e5-d704-4111-a96d-61d911fbba54,a7869f93-04c9-5077-05df-c71814da8e94,KXBTCD-25NOV0911-T103749.99,sell,no,25,0.0
2025-11-09T10:59:51.782254,69134840-9bf4-4440-8db0-8c25149b9246,cf58f802-9239-6e16-f2a1-32849c4aff0e,KXBTCD-25NOV0911-T103749.99,sell,no,25,0.0
2025-11-09T10:59:51.782254,9f7b508b-4edd-4296-9f01-a10c97944da4,c4930690-9ef0-60e0-014b-1ad437ddfa78,KXBTCD-25NOV0911-T103749.99,buy,yes,25,0.0
2025-11-09T10:59:51.782254,b3611e17-621e-4bad-b150-7c3887872b8d,298a4a4b-363f-62eb-c7f2-ba2387e42b01,KXBTCD-25NOV0911-T103749.99,buy,yes,25,0.0
2025-11-09T10:59:51.782254,16b2dbcf-1921-4c44-a8b7-bdcfcc51d86e,921decaa-a27a-7a67-2c15-344f43b138ec,KXBTCD-25NOV0911-T103749.99,sell,no,25,0.0
2025-11-09T10:59:51.782254,62ed6667-510c-47a1-a2c3-03542f87a0a8,b85600ba-a3e5-45a7-ac40-40fe38635cb8,KXBTCD-25NOV0911-T103749.99,sell,no,25,0.0
2025-11-09T10:59:51.782254,c6fb6bc8-d45d-482a-be73-65b73632c683,31e96adf-5626-6368-580c-04a7462e9de7,KXBTCD-25NOV0911-T103749.99,sell,no,25,0.0
2025-11-09T10:59:51.782254,83dc70ec-750f-48b3-8119-1eac699e3930,3cb5ee5d-4fef-6001-9d1c-ee472ed5964d,KXBTCD-25NOV0911-T103749.99,sell,no,25,0.0
2025-11-09T10:59:51.782254,9217809d-1169-4299-9f2b-90cf61cf8740,2b80a9dd-cf10-451c-c3d2-875891e53664,KXBTCD-25NOV0911-T103749.99,sell,no,25,0.0
2025-11-09T10:59:51.782254,b64b99ff-a63c-4087-9e5e-037a54a5ee9b,7d04add6-1aa1-4889-7ab8-22a89e35bf07,KXBTCD-25NOV0911-T103749.99,sell,no,25,0.0
2025-11-09T10:59:51.782254,6a8a36df-ade5-4b9a-abba-303a40b3c269,8e6a0e09-078c-506c-d20a-e3143f3ccc95,KXBTCD-25NOV0911-T103749.99,sell,no,25,0.0
2025-11-09T10:59:51.782254,c3264fe1-8709-4939-b5c6-e5db1010a4f5,ce25c650-e288-7893-5111-d6b68688ef99,KXBTCD-25NOV0911-T103749.99,buy,yes,7,0.0
2025-11-09T10:59:51.782254,c3264fe1-8709-4939-b5c6-e5db1010a4f5,7c6bb7e6-f50c-4493-55f4-31e3de4dfc49,KXBTCD-25NOV0911-T103749.99,buy,yes,3,0.0
2025-11-09T10:59:51.782254,c3264fe1-8709-4939-b5c6-e5db1010a4f5,96a763dc-03b4-481f-beb0-efec68276db9,KXBTCD-25NOV0911-T103749.99,buy,yes,3,0.0
2025-11-09T10:59:51.782254,c3264fe1-8709-4939-b5c6-e5db1010a4f5,843c156c-0fa8-7c0f-56af-eea37d4bb7cd,KXBTCD-25NOV0911-T103749.99,buy,yes,2,0.0
2025-11-09T10:59:51.782254,c3264fe1-8709-4939-b5c6-e5db1010a4f5,e10c25e7-4ac0-6f1d-4368-0ae97bb41b7b,KXBTCD-25NOV0911-T103749.99,buy,yes,10,0.0
2025-11-09T10:59:51.782254,c479f260-f751-422b-90a9-5b27e561cbea,60dc6c36-f0fc-7fe9-7d55-6722e021b266,KXBTCD-25NOV0911-T103749.99,buy,yes,3,0.0
2025-11-09T10:59:51.782254,c479f260-f751-422b-90a9-5b27e561cbea,c411bc13-4098-7821-c9d3-d5a4d313e032,KXBTCD-25NOV0911-T103749.99,buy,yes,22,0.0
2025-11-09T10:59:51.782254,ba6657af-642c-472d-8175-8bee5f68ca28,cb9085b1-5645-721b-c6c1-5d0344ed18b0,KXBTCD-25NOV0911-T103749.99,buy,yes,19,0.0
2025-11-09T10:59:51.782254,ba6657af-642c-472d-8175-8bee5f68ca28,c5a321da-b175-6a33-fe96-5563f5e13424,KXBTCD-25NOV0911-T103749.99,buy,yes,6,0.0
2025-11-09T10:59:51.782254,2cdc245c-8d0d-442e-abd0-95775a93b2d3,66ef14f1-35ac-506c-afa3-82f6b59bb4af,KXBTCD-25NOV0911-T103749.99,buy,yes,25,0.0
2025-11-09T10:59:51.782254,a967a53f-b211-4c4a-9e1b-ff089aea99ac,fb5a5567-76a0-5ab0-e024-beacd7f1eb9c,KXBTCD-25NOV0911-T103749.99,buy,yes,75,0.0
2025-11-09T11:00:44.756518,1e8f40e8-bb24-48bb-91cd-956d267dbefc,5634a2aa-4cd9-68c1-398f-e99aad612a70,KXBTCD-25NOV0912-T103749.99,sell,no,2,0.0
2025-11-09T11:00:53.663303,3f972e2c-0350-498c-b19e-4ef66dcc7c63,062ef9b6-8f69-4e3e-9073-8529a2dda7cf,KXBTCD-25NOV0912-T103749.99,sell,no,15,0.0
2025-11-09T11:00:53.663303,3f972e2c-0350-498c-b19e-4ef66dcc7c63,9489f137-f905-5bee-cea2-f12768a58bb3,KXBTCD-25NOV0912-T103749.99,sell,no,3,0.0
2025-11-09T11:00:53.663303,1e8f40e8-bb24-48bb-91cd-956d267dbefc,5634a2aa-4cd9-68c1-398f-e99aad612a70,KXBTCD-25NOV0912-T103749.99,sell,no,2,0.0
2025-11-09T11:01:02.714087,3f972e2c-0350-498c-b19e-4ef66dcc7c63,062ef9b6-8f69-4e3e-9073-8529a2dda7cf,KXBTCD-25NOV0912-T103749.99,sell,no,15,0.0
2025-11-09T11:01:02.714087,3f972e2c-0350-498c-b19e-4ef66dcc7c63,9489f137-f905-5bee-cea2-f12768a58bb3,KXBTCD-25NOV0912-T103749.99,sell,no,3,0.0
2025-11-09T11:01:02.714087,1e8f40e8-bb24-48bb-91cd-956d267dbefc,5634a2aa-4cd9-68c1-398f-e99aad612a70,KXBTCD-25NOV0912-T103749.99,sell,no,2,0.0
2025-11-09T11:01:11.387067,3f972e2c-0350-498c-b19e-4ef66dcc7c63,062ef9b6-8f69-4e3e-9073-8529a2dda7cf,KXBTCD-25NOV0912-T103749.99,sell,no,15,0.0
2025-11-09T11:01:11.387067,3f972e2c-0350-498c-b19e-4ef66dcc7c63,9489f137-f905-5bee-cea2-f12768a58bb3,KXBTCD-25NOV0912-T103749.99,sell,no,3,0.0
2025-11-09T11:01:11.387067,1e8f40e8-bb24-48bb-91cd-956d267dbefc,5634a2aa-4cd9-68c1-398f-e99aad612a70,KXBTCD-25NOV0912-T103749.99,sell,no,2,0.0
2025-11-09T11:01:20.290034,3f972e2c-0350-498c-b19e-4ef66dcc7c63,062ef9b6-8f69-4e3e-9073-8529a2dda7cf,KXBTCD-25NOV0912-T103749.99,sell,no,15,0.0
2025-11-09T11:01:20.290034,3f972e2c-0350-498c-b19e-4ef66dcc7c63,9489f137-f905-5bee-cea2-f12768a58bb3,KXBTCD-25NOV0912-T103749.99,sell,no,3,0.0
2025-11-09T11:01:20.290034,1e8f40e8-bb24-48bb-91cd-956d267dbefc,5634a2aa-4cd9-68c1-398f-e99aad612a70,KXBTCD-25NOV0912-T103749.99,sell,no,2,0.0
2025-11-09T11:01:29.833125,3f972e2c-0350-498c-b19e-4ef66dcc7c63,062ef9b6-8f69-4e3e-9073-8529a2dda7cf,KXBTCD-25NOV0912-T103749.99,sell,no,15,0.0
2025-11-09T11:01:29.833125,3f972e2c-0350-498c-b19e-4ef66dcc7c63,9489f137-f905-5bee-cea2-f12768a58bb3,KXBTCD-25NOV0912-T103749.99,sell,no,3,0.0
2025-11-09T11:01:29.833125,1e8f40e8-bb24-48bb-91cd-956d267dbefc,5634a2aa-4cd9-68c1-398f-e99aad612a70,KXBTCD-25NOV0912-T103749.99,sell,no,2,0.0
2025-11-09T11:01:38.132552,3f972e2c-0350-498c-b19e-4ef66dcc7c63,062ef9b6-8f69-4e3e-9073-8529a2dda7cf,KXBTCD-25NOV0912-T103749.99,sell,no,15,0.0
2025-11-09T11:01:38.132552,3f972e2c-0350-498c-b19e-4ef66dcc7c63,9489f137-f905-5bee-cea2-f12768a58bb3,KXBTCD-25NOV0912-T103749.99,sell,no,3,0.0
2025-11-09T11:01:38.132552,1e8f40e8-bb24-48bb-91cd-956d267dbefc,5634a2aa-4cd9-68c1-398f-e99aad612a70,KXBTCD-25NOV0912-T103749.99,sell,no,2,0.0
2025-11-09T11:01:48.040915,3f972e2c-0350-498c-b19e-4ef66dcc7c63,062ef9b6-8f69-4e3e-9073-8529a2dda7cf,KXBTCD-25NOV0912-T103749.99,sell,no,15,0.0
2025-11-09T11:01:48.040915,3f972e2c-0350-498c-b19e-4ef66dcc7c63,9489f137-f905-5bee-cea2-f12768a58bb3,KXBTCD-25NOV0912-T103749.99,sell,no,3,0.0
2025-11-09T11:01:48.040915,1e8f40e8-bb24-48bb-91cd-956d267dbefc,5634a2aa-4cd9-68c1-398f-e99aad612a70,KXBTCD-25NOV0912-T103749.99,sell,no,2,0.0
2025-11-09T11:01:57.821386,3f972e2c-0350-498c-b19e-4ef66dcc7c63,062ef9b6-8f69-4e3e-9073-8529a2dda7cf,KXBTCD-25NOV0912-T103749.99,sell,no,15,0.0
2025-11-09T11:01:57.821386,3f972e2c-0350-498c-b19e-4ef66dcc7c63,9489f137-f905-5bee-cea2-f12768a58bb3,KXBTCD-25NOV0912-T103749.99,sell,no,3,0.0
2025-11-09T11:01:57.821386,1e8f40e8-bb24-48bb-91cd-956d267dbefc,5634a2aa-4cd9-68c1-398f-e99aad612a70,KXBTCD-25NOV0912-T103749.99,sell,no,2,0.0
2025-11-09T11:02:06.455432,3f972e2c-0350-498c-b19e-4ef66dcc7c63,062ef9b6-8f69-4e3e-9073-8529a2dda7cf,KXBTCD-25NOV0912-T103749.99,sell,no,15,0.0
2025-11-09T11:02:06.455432,3f972e2c-0350-498c-b19e-4ef66dcc7c63,9489f137-f905-5bee-cea2-f12768a58bb3,KXBTCD-25NOV0912-T103749.99,sell,no,3,0.0
2025-11-09T11:02:06.455432,1e8f40e8-bb24-48bb-91cd-956d267dbefc,5634a2aa-4cd9-68c1-398f-e99aad612a70,KXBTCD-25NOV0912-T103749.99,sell,no,2,0.0
2025-11-09T11:02:15.982802,3f972e2c-0350-498c-b19e-4ef66dcc7c63,062ef9b6-8f69-4e3e-9073-8529a2dda7cf,KXBTCD-25NOV0912-T103749.99,sell,no,15,0.0
2025-11-09T11:02:15.982802,3f972e2c-0350-498c-b19e-4ef66dcc7c63,9489f137-f905-5bee-cea2-f12768a58bb3,KXBTCD-25NOV0912-T103749.99,sell,no,3,0.0
2025-11-09T11:02:15.982802,1e8f40e8-bb24-48bb-91cd-956d267dbefc,5634a2aa-4cd9-68c1-398f-e99aad612a70,KXBTCD-25NOV0912-T103749.99,sell,no,2,0.0
2025-11-09T11:02:24.922669,3f972e2c-0350-498c-b19e-4ef66dcc7c63,062ef9b6-8f69-4e3e-9073-8529a2dda7cf,KXBTCD-25NOV0912-T103749.99,sell,no,15,0.0
2025-11-09T11:02:24.922669,3f972e2c-0350-498c-b19e-4ef66dcc7c63,9489f137-f905-5bee-cea2-f12768a58bb3,KXBTCD-25NOV0912-T103749.99,sell,no,3,0.0
2025-11-09T11:02:24.922669,1e8f40e8-bb24-48bb-91cd-956d267dbefc,5634a2aa-4cd9-68c1-398f-e99aad612a70,KXBTCD-25NOV0912-T103749.99,sell,no,2,0.0
2025-11-09T11:02:34.003783,3f972e2c-0350-498c-b19e-4ef66dcc7c63,062ef9b6-8f69-4e3e-9073-8529a2dda7cf,KXBTCD-25NOV0912-T103749.99,sell,no,15,0.0
2025-11-09T11:02:34.003783,3f972e2c-0350-498c-b19e-4ef66dcc7c63,9489f137-f905-5bee-cea2-f12768a58bb3,KXBTCD-25NOV0912-T103749.99,sell,no,3,0.0
2025-11-09T11:02:34.003783,1e8f40e8-bb24-48bb-91cd-956d267dbefc,5634a2aa-4cd9-68c1-398f-e99aad612a70,KXBTCD-25NOV0912-T103749.99,sell,no,2,0.0
2025-11-09T11:02:44.642743,3f972e2c-0350-498c-b19e-4ef66dcc7c63,062ef9b6-8f69-4e3e-9073-8529a2dda7cf,KXBTCD-25NOV0912-T103749.99,sell,no,15,0.0
2025-11-09T11:02:44.642743,3f972e2c-0350-498c-b19e-4ef66dcc7c63,9489f137-f905-5bee-cea2-f12768a58bb3,KXBTCD-25NOV0912-T103749.99,sell,no,3,0.0
2025-11-09T11:02:44.642743,1e8f40e8-bb24-48bb-91cd-956d267dbefc,5634a2aa-4cd9-68c1-398f-e99aad612a70,KXBTCD-25NOV0912-T103749.99,sell,no,2,0.0
2025-11-09T11:02:52.603081,3f972e2c-0350-498c-b19e-4ef66dcc7c63,062ef9b6-8f69-4e3e-9073-8529a2dda7cf,KXBTCD-25NOV0912-T103749.99,sell,no,15,0.0
2025-11-09T11:02:52.603081,3f972e2c-0350-498c-b19e-4ef66dcc7c63,9489f137-f905-5bee-cea2-f12768a58bb3,KXBTCD-25NOV0912-T103749.99,sell,no,3,0.0
2025-11-09T11:02:52.603081,1e8f40e8-bb24-48bb-91cd-956d267dbefc,5634a2aa-4cd9-68c1-398f-e99aad612a70,KXBTCD-25NOV0912-T103749.99,sell,no,2,0.0
2025-11-09T11:03:02.095040,3f972e2c-0350-498c-b19e-4ef66dcc7c63,062ef9b6-8f69-4e3e-9073-8529a2dda7cf,KXBTCD-25NOV0912-T103749.99,sell,no,15,0.0
2025-11-09T11:03:02.095040,3f972e2c-0350-498c-b19e-4ef66dcc7c63,9489f137-f905-5bee-cea2-f12768a58bb3,KXBTCD-25NOV0912-T103749.99,sell,no,3,0.0
2025-11-09T11:03:02.095040,1e8f40e8-bb24-48bb-91cd-956d267dbefc,5634a2aa-4cd9-68c1-398f-e99aad612a70,KXBTCD-25NOV0912-T103749.99,sell,no,2,0.0
2025-11-09T11:03:09.919667,3f972e2c-0350-498c-b19e-4ef66dcc7c63,062ef9b6-8f69-4e3e-9073-8529a2dda7cf,KXBTCD-25NOV0912-T103749.99,sell,no,15,0.0
2025-11-09T11:03:09.919667,3f972e2c-0350-498c-b19e-4ef66dcc7c63,9489f137-f905-5bee-cea2-f12768a58bb3,KXBTCD-25NOV0912-T103749.99,sell,no,3,0.0
2025-11-09T11:03:09.919667,1e8f40e8-bb24-48bb-91cd-956d267dbefc,5634a2aa-4cd9-68c1-398f-e99aad612a70,KXBTCD-25NOV0912-T103749.99,sell,no,2,0.0
2025-11-09T11:03:17.461209,3f972e2c-0350-498c-b19e-4ef66dcc7c63,062ef9b6-8f69-4e3e-9073-8529a2dda7cf,KXBTCD-25NOV0912-T103749.99,sell,no,15,0.0
2025-11-09T11:03:17.461209,3f972e2c-0350-498c-b19e-4ef66dcc7c63,9489f137-f905-5bee-cea2-f12768a58bb3,KXBTCD-25NOV0912-T103749.99,sell,no,3,0.0
2025-11-09T11:03:17.461209,1e8f40e8-bb24-48bb-91cd-956d267dbefc,5634a2aa-4cd9-68c1-398f-e99aad612a70,KXBTCD-25NOV0912-T103749.99,sell,no,2,0.0
2025-11-09T11:03:26.281451,3f972e2c-0350-498c-b19e-4ef66dcc7c63,062ef9b6-8f69-4e3e-9073-8529a2dda7cf,KXBTCD-25NOV0912-T103749.99,sell,no,15,0.0
2025-11-09T11:03:26.281451,3f972e2c-0350-498c-b19e-4ef66dcc7c63,9489f137-f905-5bee-cea2-f12768a58bb3,KXBTCD-25NOV0912-T103749.99,sell,no,3,0.0
2025-11-09T11:03:26.281451,1e8f40e8-bb24-48bb-91cd-956d267dbefc,5634a2aa-4cd9-68c1-398f-e99aad612a70,KXBTCD-25NOV0912-T103749.99,sell,no,2,0.0
2025-11-09T11:03:34.356374,3f972e2c-0350-498c-b19e-4ef66dcc7c63,062ef9b6-8f69-4e3e-9073-8529a2dda7cf,KXBTCD-25NOV0912-T103749.99,sell,no,15,0.0
2025-11-09T11:03:34.356374,3f972e2c-0350-498c-b19e-4ef66dcc7c63,9489f137-f905-5bee-cea2-f12768a58bb3,KXBTCD-25NOV0912-T103749.99,sell,no,3,0.0
2025-11-09T11:03:34.356374,1e8f40e8-bb24-48bb-91cd-956d267dbefc,5634a2aa-4cd9-68c1-398f-e99aad612a70,KXBTCD-25NOV0912-T103749.99,sell,no,2,0.0
2025-11-09T11:03:43.300577,3f972e2c-0350-498c-b19e-4ef66dcc7c63,062ef9b6-8f69-4e3e-9073-8529a2dda7cf,KXBTCD-25NOV0912-T103749.99,sell,no,15,0.0
2025-11-09T11:03:43.300577,3f972e2c-0350-498c-b19e-4ef66dcc7c63,9489f137-f905-5bee-cea2-f12768a58bb3,KXBTCD-25NOV0912-T103749.99,sell,no,3,0.0
2025-11-09T11:03:43.300577,1e8f40e8-bb24-48bb-91cd-956d267dbefc,5634a2aa-4cd9-68c1-398f-e99aad612a70,KXBTCD-25NOV0912-T103749.99,sell,no,2,0.0
2025-11-09T11:03:51.360618,3f972e2c-0350-498c-b19e-4ef66dcc7c63,062ef9b6-8f69-4e3e-9073-8529a2dda7cf,KXBTCD-25NOV0912-T103749.99,sell,no,15,0.0
2025-11-09T11:03:51.360618,3f972e2c-0350-498c-b19e-4ef66dcc7c63,9489f137-f905-5bee-cea2-f12768a58bb3,KXBTCD-25NOV0912-T103749.99,sell,no,3,0.0
2025-11-09T11:03:51.360618,1e8f40e8-bb24-48bb-91cd-956d267dbefc,5634a2aa-4cd9-68c1-398f-e99aad612a70,KXBTCD-25NOV0912-T103749.99,sell,no,2,0.0
2025-11-09T11:04:00.272901,3f972e2c-0350-498c-b19e-4ef66dcc7c63,062ef9b6-8f69-4e3e-9073-8529a2dda7cf,KXBTCD-25NOV0912-T103749.99,sell,no,15,0.0
2025-11-09T11:04:00.272901,3f972e2c-0350-498c-b19e-4ef66dcc7c63,9489f137-f905-5bee-cea2-f12768a58bb3,KXBTCD-25NOV0912-T103749.99,sell,no,3,0.0
2025-11-09T11:04:00.272901,1e8f40e8-bb24-48bb-91cd-956d267dbefc,5634a2aa-4cd9-68c1-398f-e99aad612a70,KXBTCD-25NOV0912-T103749.99,sell,no,2,0.0
2025-11-09T11:04:07.949825,3f972e2c-0350-498c-b19e-4ef66dcc7c63,062ef9b6-8f69-4e3e-9073-8529a2dda7cf,KXBTCD-25NOV0912-T103749.99,sell,no,15,0.0
2025-11-09T11:04:07.949825,3f972e2c-0350-498c-b19e-4ef66dcc7c63,9489f137-f905-5bee-cea2-f12768a58bb3,KXBTCD-25NOV0912-T103749.99,sell,no,3,0.0
2025-11-09T11:04:07.949825,1e8f40e8-bb24-48bb-91cd-956d267dbefc,5634a2aa-4cd9-68c1-398f-e99aad612a70,KXBTCD-25NOV0912-T103749.99,sell,no,2,0.0
2025-11-09T11:04:16.206644,3f972e2c-0350-498c-b19e-4ef66dcc7c63,062ef9b6-8f69-4e3e-9073-8529a2dda7cf,KXBTCD-25NOV0912-T103749.99,sell,no,15,0.0
2025-11-09T11:04:16.206644,3f972e2c-0350-498c-b19e-4ef66dcc7c63,9489f137-f905-5bee-cea2-f12768a58bb3,KXBTCD-25NOV0912-T103749.99,sell,no,3,0.0
2025-11-09T11:04:16.206644,1e8f40e8-bb24-48bb-91cd-956d267dbefc,5634a2aa-4cd9-68c1-398f-e99aad612a70,KXBTCD-25NOV0912-T103749.99,sell,no,2,0.0
2025-11-09T11:04:24.607818,3f972e2c-0350-498c-b19e-4ef66dcc7c63,062ef9b6-8f69-4e3e-9073-8529a2dda7cf,KXBTCD-25NOV0912-T103749.99,sell,no,15,0.0
2025-11-09T11:04:24.607818,3f972e2c-0350-498c-b19e-4ef66dcc7c63,9489f137-f905-5bee-cea2-f12768a58bb3,KXBTCD-25NOV0912-T103749.99,sell,no,3,0.0
2025-11-09T11:04:24.607818,1e8f40e8-bb24-48bb-91cd-956d267dbefc,5634a2aa-4cd9-68c1-398f-e99aad612a70,KXBTCD-25NOV0912-T103749.99,sell,no,2,0.0
2025-11-09T11:04:32.405143,3f972e2c-0350-498c-b19e-4ef66dcc7c63,062ef9b6-8f69-4e3e-9073-8529a2dda7cf,KXBTCD-25NOV0912-T103749.99,sell,no,15,0.0
2025-11-09T11:04:32.405143,3f972e2c-0350-498c-b19e-4ef66dcc7c63,9489f137-f905-5bee-cea2-f12768a58bb3,KXBTCD-25NOV0912-T103749.99,sell,no,3,0.0
2025-11-09T11:04:32.405143,1e8f40e8-bb24-48bb-91cd-956d267dbefc,5634a2aa-4cd9-68c1-398f-e99aad612a70,KXBTCD-25NOV0912-T103749.99,sell,no,2,0.0
2025-11-09T11:04:42.089499,3f972e2c-0350-498c-b19e-4ef66dcc7c63,062ef9b6-8f69-4e3e-9073-8529a2dda7cf,KXBTCD-25NOV0912-T103749.99,sell,no,15,0.0
2025-11-09T11:04:42.089499,3f972e2c-0350-498c-b19e-4ef66dcc7c63,9489f137-f905-5bee-cea2-f12768a58bb3,KXBTCD-25NOV0912-T103749.99,sell,no,3,0.0
2025-11-09T11:04:42.089499,1e8f40e8-bb24-48bb-91cd-956d267dbefc,5634a2aa-4cd9-68c1-398f-e99aad612a70,KXBTCD-25NOV0912-T103749.99,sell,no,2,0.0
2025-11-09T11:04:49.777425,3f972e2c-0350-498c-b19e-4ef66dcc7c63,062ef9b6-8f69-4e3e-9073-8529a2dda7cf,KXBTCD-25NOV0912-T103749.99,sell,no,15,0.0
2025-11-09T11:04:49.777425,3f972e2c-0350-498c-b19e-4ef66dcc7c63,9489f137-f905-5bee-cea2-f12768a58bb3,KXBTCD-25NOV0912-T103749.99,sell,no,3,0.0
2025-11-09T11:04:49.777425,1e8f40e8-bb24-48bb-91cd-956d267dbefc,5634a2aa-4cd9-68c1-398f-e99aad612a70,KXBTCD-25NOV0912-T103749.99,sell,no,2,0.0
2025-11-09T11:05:00.097573,3f972e2c-0350-498c-b19e-4ef66dcc7c63,062ef9b6-8f69-4e3e-9073-8529a2dda7cf,KXBTCD-25NOV0912-T103749.99,sell,no,15,0.0
2025-11-09T11:05:00.097573,3f972e2c-0350-498c-b19e-4ef66dcc7c63,9489f137-f905-5bee-cea2-f12768a58bb3,KXBTCD-25NOV0912-T103749.99,sell,no,3,0.0
2025-11-09T11:05:00.097573,1e8f40e8-bb24-48bb-91cd-956d267dbefc,5634a2aa-4cd9-68c1-398f-e99aad612a70,KXBTCD-25NOV0912-T103749.99,sell,no,2,0.0
2025-11-09T11:05:08.083358,3f972e2c-0350-498c-b19e-4ef66dcc7c63,062ef9b6-8f69-4e3e-9073-8529a2dda7cf,KXBTCD-25NOV0912-T103749.99,sell,no,15,0.0
2025-11-09T11:05:08.083358,3f972e2c-0350-498c-b19e-4ef66dcc7c63,9489f137-f905-5bee-cea2-f12768a58bb3,KXBTCD-25NOV0912-T103749.99,sell,no,3,0.0
2025-11-09T11:05:08.083358,1e8f40e8-bb24-48bb-91cd-956d267dbefc,5634a2aa-4cd9-68c1-398f-e99aad612a70,KXBTCD-25NOV0912-T103749.99,sell,no,2,0.0
2025-11-09T11:05:17.537964,3f972e2c-0350-498c-b19e-4ef66dcc7c63,062ef9b6-8f69-4e3e-9073-8529a2dda7cf,KXBTCD-25NOV0912-T103749.99,sell,no,15,0.0
2025-11-09T11:05:17.537964,3f972e2c-0350-498c-b19e-4ef66dcc7c63,9489f137-f905-5bee-cea2-f12768a58bb3,KXBTCD-25NOV0912-T103749.99,sell,no,3,0.0
2025-11-09T11:05:17.537964,1e8f40e8-bb24-48bb-91cd-956d267dbefc,5634a2aa-4cd9-68c1-398f-e99aad612a70,KXBTCD-25NOV0912-T103749.99,sell,no,2,0.0
2025-11-09T11:05:25.220001,3f972e2c-0350-498c-b19e-4ef66dcc7c63,062ef9b6-8f69-4e3e-9073-8529a2dda7cf,KXBTCD-25NOV0912-T103749.99,sell,no,15,0.0
2025-11-09T11:05:25.220001,3f972e2c-0350-498c-b19e-4ef66dcc7c63,9489f137-f905-5bee-cea2-f12768a58bb3,KXBTCD-25NOV0912-T103749.99,sell,no,3,0.0
2025-11-09T11:05:25.220001,1e8f40e8-bb24-48bb-91cd-956d267dbefc,5634a2aa-4cd9-68c1-398f-e99aad612a70,KXBTCD-25NOV0912-T103749.99,sell,no,2,0.0
2025-11-09T11:05:33.738099,3f972e2c-0350-498c-b19e-4ef66dcc7c63,062ef9b6-8f69-4e3e-9073-8529a2dda7cf,KXBTCD-25NOV0912-T103749.99,sell,no,15,0.0
2025-11-09T11:05:33.738099,3f972e2c-0350-498c-b19e-4ef66dcc7c63,9489f137-f905-5bee-cea2-f12768a58bb3,KXBTCD-25NOV0912-T103749.99,sell,no,3,0.0
2025-11-09T11:05:33.738099,1e8f40e8-bb24-48bb-91cd-956d267dbefc,5634a2aa-4cd9-68c1-398f-e99aad612a70,KXBTCD-25NOV0912-T103749.99,sell,no,2,0.0
2025-11-09T11:05:41.486364,3f972e2c-0350-498c-b19e-4ef66dcc7c63,062ef9b6-8f69-4e3e-9073-8529a2dda7cf,KXBTCD-25NOV0912-T103749.99,sell,no,15,0.0
2025-11-09T11:05:41.486364,3f972e2c-0350-498c-b19e-4ef66dcc7c63,9489f137-f905-5bee-cea2-f12768a58bb3,KXBTCD-25NOV0912-T103749.99,sell,no,3,0.0
2025-11-09T11:05:41.486364,1e8f40e8-bb24-48bb-91cd-956d267dbefc,5634a2aa-4cd9-68c1-398f-e99aad612a70,KXBTCD-25NOV0912-T103749.99,sell,no,2,0.0
2025-11-09T11:05:49.087990,3f972e2c-0350-498c-b19e-4ef66dcc7c63,062ef9b6-8f69-4e3e-9073-8529a2dda7cf,KXBTCD-25NOV0912-T103749.99,sell,no,15,0.0
2025-11-09T11:05:49.087990,3f972e2c-0350-498c-b19e-4ef66dcc7c63,9489f137-f905-5bee-cea2-f12768a58bb3,KXBTCD-25NOV0912-T103749.99,sell,no,3,0.0
2025-11-09T11:05:49.087990,1e8f40e8-bb24-48bb-91cd-956d267dbefc,5634a2aa-4cd9-68c1-398f-e99aad612a70,KXBTCD-25NOV0912-T103749.99,sell,no,2,0.0
2025-11-09T11:05:58.796446,3f972e2c-0350-498c-b19e-4ef66dcc7c63,062ef9b6-8f69-4e3e-9073-8529a2dda7cf,KXBTCD-25NOV0912-T103749.99,sell,no,15,0.0
2025-11-09T11:05:58.796446,3f972e2c-0350-498c-b19e-4ef66dcc7c63,9489f137-f905-5bee-cea2-f12768a58bb3,KXBTCD-25NOV0912-T103749.99,sell,no,3,0.0
2025-11-09T11:05:58.796446,1e8f40e8-bb24-48bb-91cd-956d267dbefc,5634a2aa-4cd9-68c1-398f-e99aad612a70,KXBTCD-25NOV0912-T103749.99,sell,no,2,0.0
2025-11-09T11:06:06.457696,3f972e2c-0350-498c-b19e-4ef66dcc7c63,062ef9b6-8f69-4e3e-9073-8529a2dda7cf,KXBTCD-25NOV0912-T103749.99,sell,no,15,0.0
2025-11-09T11:06:06.457696,3f972e2c-0350-498c-b19e-4ef66dcc7c63,9489f137-f905-5bee-cea2-f12768a58bb3,KXBTCD-25NOV0912-T103749.99,sell,no,3,0.0
2025-11-09T11:06:06.457696,1e8f40e8-bb24-48bb-91cd-956d267dbefc,5634a2aa-4cd9-68c1-398f-e99aad612a70,KXBTCD-25NOV0912-T103749.99,sell,no,2,0.0
2025-11-09T11:06:15.786088,3f972e2c-0350-498c-b19e-4ef66dcc7c63,062ef9b6-8f69-4e3e-9073-8529a2dda7cf,KXBTCD-25NOV0912-T103749.99,sell,no,15,0.0
2025-11-09T11:06:15.786088,3f972e2c-0350-498c-b19e-4ef66dcc7c63,9489f137-f905-5bee-cea2-f12768a58bb3,KXBTCD-25NOV0912-T103749.99,sell,no,3,0.0
2025-11-09T11:06:15.786088,1e8f40e8-bb24-48bb-91cd-956d267dbefc,5634a2aa-4cd9-68c1-398f-e99aad612a70,KXBTCD-25NOV0912-T103749.99,sell,no,2,0.0
2025-11-09T11:06:23.353150,3f972e2c-0350-498c-b19e-4ef66dcc7c63,062ef9b6-8f69-4e3e-9073-8529a2dda7cf,KXBTCD-25NOV0912-T103749.99,sell,no,15,0.0
2025-11-09T11:06:23.353150,3f972e2c-0350-498c-b19e-4ef66dcc7c63,9489f137-f905-5bee-cea2-f12768a58bb3,KXBTCD-25NOV0912-T103749.99,sell,no,3,0.0
2025-11-09T11:06:23.353150,1e8f40e8-bb24-48bb-91cd-956d267dbefc,5634a2aa-4cd9-68c1-398f-e99aad612a70,KXBTCD-25NOV0912-T103749.99,sell,no,2,0.0
2025-11-09T11:06:32.191621,3f972e2c-0350-498c-b19e-4ef66dcc7c63,062ef9b6-8f69-4e3e-9073-8529a2dda7cf,KXBTCD-25NOV0912-T103749.99,sell,no,15,0.0
2025-11-09T11:06:32.191621,3f972e2c-0350-498c-b19e-4ef66dcc7c63,9489f137-f905-5bee-cea2-f12768a58bb3,KXBTCD-25NOV0912-T103749.99,sell,no,3,0.0
2025-11-09T11:06:32.191621,1e8f40e8-bb24-48bb-91cd-956d267dbefc,5634a2aa-4cd9-68c1-398f-e99aad612a70,KXBTCD-25NOV0912-T103749.99,sell,no,2,0.0
2025-11-09T11:06:40.116166,3f972e2c-0350-498c-b19e-4ef66dcc7c63,062ef9b6-8f69-4e3e-9073-8529a2dda7cf,KXBTCD-25NOV0912-T103749.99,sell,no,15,0.0
2025-11-09T11:06:40.116166,3f972e2c-0350-498c-b19e-4ef66dcc7c63,9489f137-f905-5bee-cea2-f12768a58bb3,KXBTCD-25NOV0912-T103749.99,sell,no,3,0.0
2025-11-09T11:06:40.116166,1e8f40e8-bb24-48bb-91cd-956d267dbefc,5634a2aa-4cd9-68c1-398f-e99aad612a70,KXBTCD-25NOV0912-T103749.99,sell,no,2,0.0
2025-11-09T11:06:47.981290,3f972e2c-0350-498c-b19e-4ef66dcc7c63,062ef9b6-8f69-4e3e-9073-8529a2dda7cf,KXBTCD-25NOV0912-T103749.99,sell,no,15,0.0
2025-11-09T11:06:47.981290,3f972e2c-0350-498c-b19e-4ef66dcc7c63,9489f137-f905-5bee-cea2-f12768a58bb3,KXBTCD-25NOV0912-T103749.99,sell,no,3,0.0
2025-11-09T11:06:47.981290,1e8f40e8-bb24-48bb-91cd-956d267dbefc,5634a2aa-4cd9-68c1-398f-e99aad612a70,KXBTCD-25NOV0912-T103749.99,sell,no,2,0.0
2025-11-09T11:06:57.235048,3f972e2c-0350-498c-b19e-4ef66dcc7c63,062ef9b6-8f69-4e3e-9073-8529a2dda7cf,KXBTCD-25NOV0912-T103749.99,sell,no,15,0.0
2025-11-09T11:06:57.235048,3f972e2c-0350-498c-b19e-4ef66dcc7c63,9489f137-f905-5bee-cea2-f12768a58bb3,KXBTCD-25NOV0912-T103749.99,sell,no,3,0.0
2025-11-09T11:06:57.235048,1e8f40e8-bb24-48bb-91cd-956d267dbefc,5634a2aa-4cd9-68c1-398f-e99aad612a70,KXBTCD-25NOV0912-T103749.99,sell,no,2,0.0
2025-11-09T11:07:04.959772,3f972e2c-0350-498c-b19e-4ef66dcc7c63,062ef9b6-8f69-4e3e-9073-8529a2dda7cf,KXBTCD-25NOV0912-T103749.99,sell,no,15,0.0
2025-11-09T11:07:04.959772,3f972e2c-0350-498c-b19e-4ef66dcc7c63,9489f137-f905-5bee-cea2-f12768a58bb3,KXBTCD-25NOV0912-T103749.99,sell,no,3,0.0
2025-11-09T11:07:04.959772,1e8f40e8-bb24-48bb-91cd-956d267dbefc,5634a2aa-4cd9-68c1-398f-e99aad612a70,KXBTCD-25NOV0912-T103749.99,sell,no,2,0.0
2025-11-09T11:07:14.450205,3f972e2c-0350-498c-b19e-4ef66dcc7c63,062ef9b6-8f69-4e3e-9073-8529a2dda7cf,KXBTCD-25NOV0912-T103749.99,sell,no,15,0.0
2025-11-09T11:07:14.450205,3f972e2c-0350-498c-b19e-4ef66dcc7c63,9489f137-f905-5bee-cea2-f12768a58bb3,KXBTCD-25NOV0912-T103749.99,sell,no,3,0.0
2025-11-09T11:07:14.450205,1e8f40e8-bb24-48bb-91cd-956d267dbefc,5634a2aa-4cd9-68c1-398f-e99aad612a70,KXBTCD-25NOV0912-T103749.99,sell,no,2,0.0
2025-11-09T11:07:22.261243,3f972e2c-0350-498c-b19e-4ef66dcc7c63,062ef9b6-8f69-4e3e-9073-8529a2dda7cf,KXBTCD-25NOV0912-T103749.99,sell,no,15,0.0
2025-11-09T11:07:22.261243,3f972e2c-0350-498c-b19e-4ef66dcc7c63,9489f137-f905-5bee-cea2-f12768a58bb3,KXBTCD-25NOV0912-T103749.99,sell,no,3,0.0
2025-11-09T11:07:22.261243,1e8f40e8-bb24-48bb-91cd-956d267dbefc,5634a2aa-4cd9-68c1-398f-e99aad612a70,KXBTCD-25NOV0912-T103749.99,sell,no,2,0.0
2025-11-09T11:07:31.902971,3f972e2c-0350-498c-b19e-4ef66dcc7c63,062ef9b6-8f69-4e3e-9073-8529a2dda7cf,KXBTCD-25NOV0912-T103749.99,sell,no,15,0.0
2025-11-09T11:07:31.902971,3f972e2c-0350-498c-b19e-4ef66dcc7c63,9489f137-f905-5bee-cea2-f12768a58bb3,KXBTCD-25NOV0912-T103749.99,sell,no,3,0.0
2025-11-09T11:07:31.902971,1e8f40e8-bb24-48bb-91cd-956d267dbefc,5634a2aa-4cd9-68c1-398f-e99aad612a70,KXBTCD-25NOV0912-T103749.99,sell,no,2,0.0
2025-11-09T11:07:41.461025,3f972e2c-0350-498c-b19e-4ef66dcc7c63,062ef9b6-8f69-4e3e-9073-8529a2dda7cf,KXBTCD-25NOV0912-T103749.99,sell,no,15,0.52
2025-11-09T11:07:41.461025,3f972e2c-0350-498c-b19e-4ef66dcc7c63,9489f137-f905-5bee-cea2-f12768a58bb3,KXBTCD-25NOV0912-T103749.99,sell,no,3,0.52
2025-11-09T11:07:41.461025,1e8f40e8-bb24-48bb-91cd-956d267dbefc,5634a2aa-4cd9-68c1-398f-e99aad612a70,KXBTCD-25NOV0912-T103749.99,sell,no,2,0.58
2025-11-09T11:07:50.823554,3f972e2c-0350-498c-b19e-4ef66dcc7c63,062ef9b6-8f69-4e3e-9073-8529a2dda7cf,KXBTCD-25NOV0912-T103749.99,sell,no,15,0.52
2025-11-09T11:07:50.823554,3f972e2c-0350-498c-b19e-4ef66dcc7c63,9489f137-f905-5bee-cea2-f12768a58bb3,KXBTCD-25NOV0912-T103749.99,sell,no,3,0.52
2025-11-09T11:07:50.823554,1e8f40e8-bb24-48bb-91cd-956d267dbefc,5634a2aa-4cd9-68c1-398f-e99aad612a70,KXBTCD-25NOV0912-T103749.99,sell,no,2,0.58
2025-11-09T11:07:58.613559,3f972e2c-0350-498c-b19e-4ef66dcc7c63,062ef9b6-8f69-4e3e-9073-8529a2dda7cf,KXBTCD-25NOV0912-T103749.99,sell,no,15,0.52
2025-11-09T11:07:58.613559,3f972e2c-0350-498c-b19e-4ef66dcc7c63,9489f137-f905-5bee-cea2-f12768a58bb3,KXBTCD-25NOV0912-T103749.99,sell,no,3,0.52
2025-11-09T11:07:58.613559,1e8f40e8-bb24-48bb-91cd-956d267dbefc,5634a2aa-4cd9-68c1-398f-e99aad612a70,KXBTCD-25NOV0912-T103749.99,sell,no,2,0.58
2025-11-09T11:08:07.336372,3f972e2c-0350-498c-b19e-4ef66dcc7c63,062ef9b6-8f69-4e3e-9073-8529a2dda7cf,KXBTCD-25NOV0912-T103749.99,sell,no,15,0.52
2025-11-09T11:08:07.336372,3f972e2c-0350-498c-b19e-4ef66dcc7c63,9489f137-f905-5bee-cea2-f12768a58bb3,KXBTCD-25NOV0912-T103749.99,sell,no,3,0.52
2025-11-09T11:08:07.336372,1e8f40e8-bb24-48bb-91cd-956d267dbefc,5634a2aa-4cd9-68c1-398f-e99aad612a70,KXBTCD-25NOV0912-T103749.99,sell,no,2,0.58
2025-11-09T11:08:16.897334,3f972e2c-0350-498c-b19e-4ef66dcc7c63,062ef9b6-8f69-4e3e-9073-8529a2dda7cf,KXBTCD-25NOV0912-T103749.99,sell,no,15,0.52
2025-11-09T11:08:16.897334,3f972e2c-0350-498c-b19e-4ef66dcc7c63,9489f137-f905-5bee-cea2-f12768a58bb3,KXBTCD-25NOV0912-T103749.99,sell,no,3,0.52
2025-11-09T11:08:16.897334,1e8f40e8-bb24-48bb-91cd-956d267dbefc,5634a2aa-4cd9-68c1-398f-e99aad612a70,KXBTCD-25NOV0912-T103749.99,sell,no,2,0.58
